@ARTICLE{tgangwar,
  author={Gangwar, Tripti and Padhy, Narayana Prasad and Jena, Premalata},
  journal={IEEE Trans. Ind. Inform.}, 
  title={Storage Allocation in Active Distribution Networks Considering Life Cycle and Uncertainty}, 
  year={2023},
  month={Jan.},
  volume={19},
  number={1},
  pages={339-350},
  doi={10.1109/TII.2022.3167382}}

@ARTICLE{spaul,
  author={Paul, Subho and Padhy, Narayana Prasad},
  journal={IEEE Syst. J.}, 
  title={Real-Time Advanced Energy-Efficient Management of an Active Radial Distribution Network}, 
  year={2022},
  month={Sept.},
  volume={16},
  number={3},
  pages={3602-3612},
  doi={10.1109/JSYST.2021.3113038}}

@ARTICLE{Yuan,
  author={Yuan, Haoyu and Li, Fangxing and Wei, Yanli and Zhu, Jinxiang},
  journal={IEEE Trans. Smart Grid}, 
  title={Novel Linearized Power Flow and Linearized OPF Models for Active Distribution Networks With Application in Distribution LMP}, 
  year={2018},
  month={Jan.},
  volume={9},
  number={1},
  pages={438-448},
  doi={10.1109/TSG.2016.2594814}}

@ARTICLE{Guo,
  author={Guo, Zhongjie and Wei, Wei and Chen, Laijun and Dong, ZhaoYang and Mei, Shengwei},
  journal={IEEE Trans. Power Syst.}, 
  title={Parametric Distribution Optimal Power Flow With Variable Renewable Generation}, 
  year={2022},
  month={May},
  volume={37},
  number={3},
  pages={1831-1841},
  doi={10.1109/TPWRS.2021.3110528}}

@article{bfm01,
  author    = {Farivar, Masoud and Low, Steven H.},
  title     = {{Branch flow model: Relaxations and convexification}},
  booktitle = {{2012 IEEE 51st IEEE Conference on Decision and Control (CDC)}},
  journal   = {2012 IEEE 51st IEEE Conference on Decision and Control (CDC)},
  pages     = {3672--3679},
  year      = {2012},
  month     = dec,
  issn      = {0743-1546},
  publisher = {IEEE},
  doi       = {10.1109/CDC.2012.6425870}
}

@arti@article{ddp_sugar_01,
  author    = {Agarwal, Aayushya and Pileggi, Larry},
  title     = {{Large Scale Multi-Period Optimal Power Flow With Energy Storage Systems Using Differential Dynamic Programming}},
  journal   = {IEEE Trans. Power Syst.},
  volume    = {37},
  number    = {3},
  pages     = {1750--1759},
  year      = {2021},
  month     = sep,
  issn      = {1558-0679},
  publisher = {IEEE},
  doi       = {10.1109/TPWRS.2021.3115636}
}

@arti@article{Nazir2018Jun,
  author    = {Nazir, Nawaf and Almassalkhi, Mads},
  title     = {{Receding-Horizon Optimization of Unbalanced Distribution Systems with Time-Scale Separation for Discrete and Continuous Control Devices}},
  booktitle = {{2018 Power Systems Computation Conference (PSCC)}},
  journal   = {2018 Power Systems Computation Conference (PSCC)},
  pages     = {1--7},
  year      = {2018},
  month     = jun,
  publisher = {IEEE},
  doi       = {10.23919/PSCC.2018.8442555}
}

@arti@article{Nazir2019Jun,
  author  = {Nazir, Nawaf and Racherla, Pavan and Almassalkhi, Mads},
  title   = {{Optimal multi-period dispatch of distributed energy resources in unbalanced distribution feeders}},
  journal = {arXiv},
  year    = {2019},
  month   = jun,
  eprint  = {1906.04108},
  doi     = {10.48550/arXiv.1906.04108}
}

@inco@incollection{Qian2014Jul,
  author    = {Qian, Xiaodong and Zhu, Yuanguo},
  title     = {{Differential Dynamic Programming for Multistage Uncertain Optimal Control}},
  booktitle = {{2014 Seventh International Joint Conference on Computational Sciences and Optimization}},
  journal   = {2014 Seventh International Joint Conference on Computational Sciences and Optimization},
  pages     = {88--92},
  year      = {2014},
  month     = jul,
  publisher = {IEEE},
  doi       = {10.1109/CSO.2014.25}
}

@misc{comedLivePrices,
	title = {{Live Prices - ComEd{'}s Hourly Pricing}},
	journal = {ComEd{'}s Hourly Pricing},
	year = {2023},
	month = jun,
	note = {[Online; accessed 16. Nov. 2023]},
	url = {https://hourlypricing.comed.com/live-prices/?date=20231113}
}